<?xml version="1.0" encoding="UTF-8"?><record xmlns="http://www.loc.gov/MARC21/slim" xmlns:cinclude="http://apache.org/cocoon/include/1.0" xmlns:zs="http://www.loc.gov/zing/srw/">
  <leader>00527nz  a2200133n  4500</leader>
  <controlfield tag="001">n  97069064 </controlfield>
  <controlfield tag="003">DLC</controlfield>
  <controlfield tag="005">19970709091759.3</controlfield>
  <controlfield tag="008">970709n| acannaab|          |a ana |||  </controlfield>
  <datafield tag="010" ind1=" " ind2=" ">
    <subfield code="a">n  97069064 </subfield>
  </datafield>
  <datafield tag="040" ind1=" " ind2=" ">
    <subfield code="a">DLC</subfield>
    <subfield code="c">DLC</subfield>
  </datafield>
  <datafield tag="110" ind1="2" ind2="0">
    <subfield code="a">Politechnika Wrocławska.</subfield>
    <subfield code="b">Instytut Maszyn i Napędów Elektrycznych</subfield>
  </datafield>
  <datafield tag="410" ind1="2" ind2="0">
    <subfield code="a">Instytut Maszyn i Napędów Elektrycznych Politechniki Wrocławskiej</subfield>
  </datafield>
  <datafield tag="670" ind1=" " ind2=" ">
    <subfield code="a">Zagadnienia maszyn i napędów elektrycznych, 1996:</subfield>
    <subfield code="b">t.p. (Instytutu Maszyn i Napędów Elektrycznych Politechniki Wrocławskiej)</subfield>
  </datafield>
</record>